% Encoding: UTF-8

@Article{VanEkenstein1997,
  author       = {Van Ekenstein, G. O. R. A. and Deuring, H. and Ten Brinke, G. and Ellis, T. S.},
  title        = {Blends of Caprolactam/Caprolactone Copolymers and Chlorinated Polymers},
  journal      = {Polymer},
  journaltitle = {Polymer},
  year         = {1997},
  date         = {1997-06},
  volume       = {38},
  number       = {12},
  pages        = {3025--3034},
  note         = {The International Journal for the Science and Technology of Polymers},
  issn         = {0032-3861},
  doi          = {10.1016/S0032-3861(96)00881-6},
  publisher    = {Elsevier},
}

@Book{Lamport1994,
  author     = {Lamport, Leslie},
  title      = {{\LaTeX}},
  year       = {1994},
  date       = {1994},
  subtitle   = {A Document Preparation System},
  titleaddon = {User's Guide and Reference Manual},
  edition    = {2},
  publisher  = {Addison-Wesley},
  location   = {Boston, MA, USA},
  isbn       = {0201529831},
}

@InCollection{Nriagu1988,
  author    = {Nriagu, Jerome O.},
  title     = {Historical Perspectives},
  booktitle = {Chromium in the Natural and Human Environments},
  year      = {1988},
  date      = {1988-03},
  editor    = {Nriagu, Jerome O. and Nieboer, Evert},
  volume    = {20},
  series    = {Advances in Environmental Science and Technology},
  note      = {A Wiley-Interscience Publication},
  publisher = {John Wiley {\&} Sons},
  location  = {New York, NY, USA},
  isbn      = {0471856436},
  chapter   = {1},
  pages     = {1--19},
}

@InProceedings{Wizentier1992,
  author     = {Wizentier, S. E. and Boschi, A. O. and Vieira, J. M.},
  title      = {Fabricação de Membranas Cerâmicas para Microfiltração},
  booktitle  = {Anais do 10.{\textordmasculine} Congresso Brasileiro de Engenharia e Ciências dos Materiais},
  year       = {1992},
  date       = {1992-12},
  eventtitle = {10.{\textordmasculine} Congresso Brasileiro de Engenharia e Ciências dos Materiais},
  eventdate  = {1992-12},
  venue      = {Águas de Lindóia, SP},
  pages      = {230--238},
}

@Misc{UTFPR2018,
  author       = {UTFPR},
  title        = {Câmpus Ponta Grossa},
  year         = {2018},
  date         = {2018},
  howpublished = {Portal da Universidade Tecnológica Federal do Paraná (UTFPR)},
  note         = {Galeria de fotos},
  location     = {Ponta Grossa, PR},
  url          = {http://portal.utfpr.edu.br/comunicacao/galeria-de-fotos/},
  urldate      = {2018-11-05},
}

@PhdThesis{Faina2000,
  author      = {Faina, Luis Fernando},
  title       = {Uma arquitetura para suporte a ubiquidade dos serviços de telecomunicações baseada na arquitetura TINA e em agentes moveis},
  institution = {Faculdade de Engenharia Elétrica e de Computação, Universidade Estadual de Campinas},
  year        = {2000},
  date        = {2000-12},
  location    = {Campinas, SP},
  pagetotal   = {175},
  url         = {http://repositorio.unicamp.br/jspui/handle/REPOSIP/260519},
  urldate     = {2018-11-05},
}

@Comment{jabref-meta: databaseType:biblatex;}
